@article{jie_leslie_09,
title = {{Reputational Incentives for Restaurant Hygiene}},
year = {2009},
journal = {American Economics Journal: Microeconomics},
author = {Jin, Ginger Zhe and Leslie, Phillip},
pages = {237 -- 267},
volume = {1},
number = {1}
}
@article{Gemmell_Ratto_12,
title = {{Behavioral Responses to Taxpayer Audits: Evidence from Random Taxpayer Inquiries}},
author = {Gemmell, Norman and Marisa Ratto},
journal = {National Tax Journal},
year = {2012},
volume = {65},
number = {1},
pages = {33-58}
}
@article{Jin_Lee_12,
author = {Jin, Ginger Z. and Jungmin Lee},
title = {{A Tale of Repetition: Lessons from Florida Restaurant Inspections}},
journal = {Mimeo},
year = {2014}
}
@article{Holmstrom_Milgrom_91,
author = {Holmstrom, Bengtand and Paul Milgrom},
title = {{Multitask Principal-Agent Analyses: Incentive Contracts, Asset Ownership, and Job Design}},
journal = {Journal of Law, Economics, and Organization},
volume = {7},
year = {1991},
pages = {24 - 52}
}
@article{Jin_Lee_14,
author = {Jin, Ginger Zhe  and Jungmin Lee},
title = {{Inspection Technology, Detection, and Compliance: Evidence from Florida Restaurant Inspections}},
journal = {The RAND Journal of Economics},
year = {2014},
volume = {45},
number = {4},
pages = {885–917}}
@article{Doyle_07,
title = {{Child Protection and Child Outcomes: Measuring the Effects of Foster
Care}},
author = {Doyle, Jospeh},
year = {2007},
journal = {American Economic Review},
volume = {97},
number = {5},
pages = {1583-1610}
}
@article{Maestas_13,
title = {{Does Disability Insurance Receipt Discourage Work?
Using Examiner Assignment to Estimate Causal Effects
of SSDI Receipt}},
author = {Maestas, Nicole and Kathleen J. Mullen and Alexander Strand},
journal = {American Economics Review},
year = {2013},
volume = {103},
number = {5},
pages = {1797-1829}
}
@article{Doyle_08,
title = {{Child Protection and Adult Crime: Using Investigator Assignment to
Estimate Causal Effects of Foster Care}},
author = {Doyle, Jospeh},
journal = {Journal of Political Economy},
year = {2008},
volume = {116},
number = {4},
pages = {746 - 770}
}
@article{Kleven_Waseem_13,
title = {{Using Notches to Uncover Optimization Frictions and Structural Elasticities: Theory and Evidence from Pakistan}},
author = {Kleven, Henrik K and Mazhar Waseem},
year = {2013},
journal = {Quarterly Journal of Economics},
volume = {128},
number = {2},
pages = {669 - 723}
}
@article{kleiner_00,
  author = {Kleiner, Morris M. and Robert T. Kudrle},
  title = {Does Regulation Affect Economic Outcomes? the Case of Dentistry},
  journal = {The Journal of Law and Economics},
  year = {2000},
  volume = {42},
  number = {2},
  pages = {547-582}
}
@article{Duflo_Greenstone_14,
author = {Duflo, Esther and
and Michael Greenstone
and Rohini Pande
and Nicholas Ryan},
title = {{The Value of Regulatory Discretion: Estimates from Environmental Inspections in India}},
year = {2016},
journal = {NBER Working Paper Series}
}
@article{jie_leslie_05,
title = {{The Effect of Information on Product Quality: Evidence from Restaurant Hygiene Grade Cards}},
year = {2003},
journal = {The Quarterly Journal of Economics},
author = {Jin, Ginger Zhe and Leslie, Phillip},
volume = {118},
number = {2},
pages = { 409-451}
}
@article{Feinstein_89,
author = {Feinstein, Jonathan},
title = {{The Safety Regulation of U.S. Nuclear Power Plants: Violations, Inspections, and Abnormal
Occurrences}},
journal = {Journal of Political Economy},
volume = {97},
number = {1},
year = {1989},
pages = {115 - 154}
}
@article{Feinstein_91,
author = {Feinstein, Jonathan},
title = {{An Econometric Analysis of Income Tax Evasion and Its Detection}},
journal = {The RAND Journal of Economics},
volume = {22},
number = {1},
year = {1991}
}
@article{Macher_11,
author = {Macher, Jeffrey T. and John W. Mayo and Jack A. Nickerson},
title = {{Regulator Heterogeneity and Information Asymmetry}},
journal = {The Journal of Law and Economics},
year = {2011},
volume = {54},
pages = {25 - 54}
}
@article{Gourio_Roys_14,
  author = {Gourio, François and Nicolas Roys},
  title = {{Size-dependent Regulations, Firm Size Distribution,
and Reallocation}},
  year = {2014},
  journal = {{Quantitative Economics}},
  volume = {5},
  pages = {377–416}
}
@article{bhuller_16,
title = {{Incarceration, Recidivism and Employment
}},
author = {Bhuller, Manudeep and Gordon B. Dahl and Katrine V. Løken and Magne Mogstad},
journal = {Mimeo},
year = {2016}
}
@article{greenstone_12,
	title = {{The Effects of
Environmental Regulation on the Competitiveness of U.S. Manufacturing}},
	author = {Greenstone, Michael  and John A. List and Chad Syverson},
	journal = {NBER Working Paper},
	year = {2012}
}
@article{bollinger_leslie_sorensen_2011,
title = {Calorie Posting in Chain Restaurants},
author = {Bollinger, Bryan and Leslie, Phillip and Sorensen, Alan},
year = {2011},
journal = {American Economic Journal: Economic Policy},
pages = {91-128},
volume = {3},
number = {1}
}
@article{CDC_2013,
title = {{Surveillance for Foodborne Disease Outbreaks United States: 2013 Annual Report}},
journal = {Available: https://www.cdc.gov/foodsafety/pdfs/foodborne-disease-outbreaks-annual-report-2013-508c.pdf}
}
@article{Hubbard_2002,
author = {Hubbard, Thomas N},
year = {2002},
title = {How Do Consumers Motivate Experts? Reputational Incentives in an
Auto Repair Market.},
journal = {Journal of Law and Economics}, volume = {45},
number = {2}, 
pages = {437-468}
}
@article{Dafny_Dranove_08,
author = {Dafny, Leemore and
Dranove, David},
title = {Do report cards tell consumers anything they don’t already know? The case of Medicare HMOs},
journal = {Rand Journal of Economics},
year = {2008},
volume = {39},
number = {3}
}

@article{Schneider_2012,
author = {Schneider, Henry S.},
title = {Agency Problems and Reputation in Expert Services: Evidence from Auto Repair},
journal = {Journal of Industrial Economics},
year = {2012},
volume = {60}, 
number = {3},
pages = {406–433}
}

@article{Akerlof_70,
author = {Akerlof, George A., },
title = {{The Market for ’Lemons’: Quality Uncertainty and the Market Mechanism}},
year = {1970},
journal = {Quarterly Journal of Economics},
pages = {488–500}
}
@article{Ho_2012,
author = {Ho, Daniel H.},
title = {{Fudging the Nudge: Information Disclosure and Restaurant Grading}},
journal = {The Yale Law Journal},
year = {2012},
volume = {112},
number = {3},
pages = {522-851}
}
@article{Luca_13,
  title = {{Where Not to Eat? Improving Public Policy by Predicting Hygiene Inspections Using Online Reviews}},
  author = {Kang, Jun Seok and Polina Kuznetsova and Yejin Choi and Michael Luca},
  year = {2013},
  journal = {Proceedings of the Conference on Empirical Methods in Natural Language Processing},
}
@article{Lu_2012,
author = {Lu, Susan Feng}, 
title = {{Multitasking, Information Disclosure, and Product Quality: Evidence from Nursing Homes}},
year = {2012},
journal = {Journal of Economics and Management Strategy},
volume = {21}, 
number = {3},
pages = {673–705}
}
@article{Simon_05,
title = {{Impact of Restaurant Hygiene Grade Cards on Foodborn-Disease Hospitalization}},
author = {Simon, Paul A and Phillip Leslie and Grace Run},
year = {2005},
journal = {Journal of Environmental Health},
volume = {67},
number = {7},
pages = {32- 36}
}
@article{Koning_Wiel_13,
author = {Koning, Pierre and Wiel, Karen Van Der},
title = {RANKING THE SCHOOLS: HOW SCHOOL-QUALITY INFORMATION AFFECTS SCHOOL CHOICE IN THE NETHERLANDS},
journal = {Journal of the European Economics Association},
year = {2013},
volume = {11}, 
number = {2},
pages = {466–493}
}

@article{elfenbein_at_el_2015,
author = {Daniel W. Elfenbein and Raymond Fisman AND Brian Mcmanus},
title = {Market Structure, Reputation, and the Value of Quality
Certification},
journal = {American Economics Journal: Microeconomics},
year = {2015},
volume = {7},
number = {4},
pages = {83-108}
}
@article{Pope_09,
author = {Pope, Devin G.},
title = {Reacting to rankings: Evidence from “America’s Best Hospitals"},
journal = {Journal of Health Economics},
year = {2009},
volume = {28},
pages = {1154–1165}
}
@article{Mayzlin_at_el_2012,
author = {Dina Mayzlin and Yaniv Dover and Judith A. Chevalier},
title = {{Promotional Reviews:
An Empirical Investigation Of Online Review Manipulation}},
journal = {American Economic Review},
year = {2014},
volume = {104},
number = {8},
pages = {2421-2455}
}
@article{Bundorf_at_el_09,
author = {Kate Bundorf and Natalie Chun and Gopi Shah Goda and Daniel Kessler},
title = {{Do Markets Respond to Quality Information? The Case of Fertility Clinics}},
year = {2009},
journal = {Journal of Health Economics}, volume = {28},
pages = {718-727}
}

@article{Dranove_Jin_2010,
author = {Dranove, David and Ginger Zhe Jin},
title = {Quality Disclosure and Certification: Theory and Practice},
journal = {Journal of Economic Literature},
year = {2010},
volume = {48},
number = {4},
pages = {935-963}
}
@article{Swartz_Mich_15,
author = {Amy Schwartz and Ellen, Michah W. Rothbart and Thad Calabrese and Zachary Papper and Tod Mijanovich and Rachel Meltzer and Diana Silver and Meryle Weinstein},
year = {2015},
title = {{The Impact of Restaurant Letter Grades on Taxes and Sales: Micro Evidence from New York City}},
Journal = {Working paper}
}
@article{Wong_at_el_2015,
title = {{Impact of a letter-grade program on restaurant sanitary conditions and diner behavior in New York City}},
author = {Melissa R. Wong and Wendy McKelvey and Kazuhiko Ito and J. Bryan Jacobson},
journal = {American Journal of Public Health},
year = {2015},
volume = {105},
number = {3},
pages = {81-87}
}
@article{Irwin_89,
  title = {{Results of Routine Restaurant Inspections Can Predict Outbreaks of
Foodborne Illness: The Seattle-King County Experience}},
  author = {Irwin, Kathleen and Jane Ballard and John Grendon and John Kobayashi},
  journal = {American Journal of Public Health},
  year = {1989},
  volume = {79},
  number = {5},
  pages = {586-590}
}
@article{petran_12_a,
 author = {Petran, Ruth L and Bruce W. White and Craig W. Hedberg},
   title = {{Using a Theoretical Predictive Tool for the Analysis of Recent Health Department Inspections at Outbreak Restaurants and Relation of this Information to Foodborne Illness Likelihood}},
   journal = {Journal of Food Protection},
   year = {2012},
   volume = {75},
   number = {11},
   pages = {2016-2027}
  
}
@article{petran_12,
   author = {Petran, Ruth L and Bruce W. White and Craig W. Hedberg},
   title = {Health department inspection criteria more likely to be associated with outbreak restaurants in Minnesota},
   journal = {Journal of Food Protection},
   year = {2012},
   volume = {75},
   number = {11},
   pages = {2007-2015}
}
@article{levine_etal_12,
author = {Levine, David I. ; Michael W. Toffel and Matthew S. Johnson},
title = {{Randomized Government
Safety Inspections Reduce Worker Injuries with No Detectable Job Loss}},
journal = {Science},
year = {2012},
volume = {336},
number = {6038},
pages = {907-911}
}
@article{Kleven_etal_10,
author = {Kleven, Henrik J. and Martin B. Knudsen and Claus T. Kreiner and Soren Pedersen and Emmanuel
Saez},
title = {{Unwilling or Unable to Cheat? Evidence from a Randomized Tax Audit
Experiment in Denmark}},
year = {2010},
journal = {Econometrica},
volume = {79},
number = {2},
pages = {651-692}
}
@article{Prendergast_07,
author = {Prendergast, Canice},
title = {{The Motivation and Bias of Bureaucrats}},
journal = {American Economic Review},
year = {2007},
volume = {97},
number = {1},
pages = {180-196}
}
@article{Filion_Powell_09,
title = {{The Use of Restaurant Inspection Disclosure Systems as a Means of Communicating Food Safety Information}},
author = {Filion, Katie and Douglas A. Powell},
year = {2009},
journal = {Journal of Food Service},
volume = {20},
number = {6},
pages = {287-297}
}
@article{Kopczuk_2000,
author = {Wojciech Kopczuk},
title = {Redistribution when Avoidance Behavior is
Heterogeneous},
journal = {Journal of Public Economics},
year = {2000},
pages = {51-71}
}
@article{lans2005redistribution,
  title={Redistribution and education subsidies are Siamese twins},
  author={Lans Bovenberg, A and Jacobs, Bas},
  journal={Journal of Public Economics},
  volume={89},
  number={11},
  year={2005},
  publisher={Elsevier}
}

@article{carrillo2012cheaters,
  title={Do cheaters bunch together? Profit taxes, withholding rates and tax evasion},
  author={Carrillo, Paul E and Emran, M Shahe and Rivadeneira, Anita and de Rentas Internas--Ecuador, Servicio},
  journal={Retrieved April},
  volume={30},
  pages={2013},
  year={2012}
}

@article{chetty08,
title = {Is the Taxable Income Elasticity Sufficient to Calculate Deadweight Loss? The Implications of Evasion and Avoidance},
author = {Chetty, Raj}
}

@article{chetty2012bounds,
  title={Bounds on elasticities with optimization frictions: A synthesis of micro and macro evidence on labor supply},
  author={Chetty, Raj},
  journal={Econometrica},
  volume={80},
  number={3},
  pages={969--1018},
  year={2012},
  publisher={Wiley Online Library}
}

@article{chone2010negative,
  title={Negative marginal tax rates and heterogeneity},
  author={Chon{\'e}, Philippe and Laroque, Guy},
  journal={The American Economic Review},
  pages={2532--2547},
  year={2010},
  publisher={JSTOR}
}

@article{cremer1993tax,
  title={Tax evasion and optimal commodity taxation},
  author={Cremer, Helmuth and Gahvari, Firouz},
  journal={Journal of Public Economics},
  volume={50},
  number={2},
  pages={261--275},
  year={1993},
  publisher={Elsevier}
}

@article{cremer1996tax,
  title={Tax evasion and the optimum general income tax},
  author={Cremer, Helmuth and Gahvari, Firouz},
  journal={Journal of Public Economics},
  volume={60},
  number={2},
  pages={235--249},
  year={1996},
  publisher={Elsevier}
}

@article{edlin98_compstats,
    title = {Strict Monotonicity in Comparative Statics},
    author = {Edlin, Aaron S and Shannon, Chris},
    journal = {Journal of Economic Theory},
    pages = {201 - 219},
    year = {1998},
    volume = {81},
    number = {1}
}

@article{eissa2004taxes,
  title={Taxes and the labor market participation of married couples: the earned income tax credit},
  author={Eissa, Nada and Hoynes, Hilary Williamson},
  journal={Journal of Public Economics},
  volume={88},
  number={9},
  pages={1931--1958},
  year={2004},
  publisher={Elsevier}
}

@article{francis2001gasoline,
  title={Gasoline Excise Taxes, 1933--2000},
  author={Francis, Brian},
  journal={Internal Revenue Service, Statistics of Income Bulletin},
  year={2001}
}

@article{GordonLi2005,
title = {Tax Structure in Developing Countries: 
Many Puzzles and a Possible Explanation},
author = {Gordon, Gordan, and Li, We},
journal = {NBER},
year = {2005}
}

@article{Meltzer_2015,
 title = {{Is Public Grading Worth the Costs? An Evaluation of New York City’s Restaurant Grades Policy}},
 author = {Rachel Meltzer and Thad Calabrese and Diana Silver and Tod Mijanovich},
 journal = {Mimeo},
 year = {2015}
 }
@article{Allingham_Sandmo_72,
title = {{Income Tax Evasion: A Theoretical Analysis}},
author = {Allingham, Michael and Agnar Sandmo},
journal = {Journal of Public Economics},
year = {1972},
pages = {323–338},
volume = {1}
}
@article{Kopczuk_Slemrod_2006,
title = {Putting Firms into Optimal Tax Theory},
journal = {American Economic Review: Papers and Proceedings},
author = {Wojciech Kopczuk and Joel Slemrod},
year = {2006},
volume = {96},
number = {2},
pages = {130–134}
}
@article{grochulski2007optimal,
  title={Optimal nonlinear income taxation with costly tax avoidance},
  author={Grochulski, Borys},
  journal={Economic Quarterly-Federal Reserve Bank of Richmond},
  volume={93},
  number={1},
  pages={77},
  year={2007},
  publisher={THE FEDERAL RESERVE BANK OF RICHMOND}
}

@techreport{hallsworth2014behavioralist,
  title={The behavioralist as tax collector: Using natural field experiments to enhance tax compliance},
  author={Hallsworth, Michael and List, John A and Metcalfe, Robert D and Vlaev, Ivo},
  year={2014},
  institution={National Bureau of Economic Research}
}

@article{hines2007taxing,
  title={Taxing consumption and other sins},
  author={Hines, James R},
  journal={The Journal of Economic Perspectives},
  pages={49--68},
  year={2007},
  publisher={JSTOR}
}

@techreport{kopczuk2012polish,
  title={The Polish business “flat” tax and its effect on reported incomes: a Pareto improving tax reform},
  author={Kopczuk, Wojciech},
  year={2012},
  institution={Mimeo, Columbia University}
}

@article{kumler2012enlisting,
  title={Enlisting workers in monitoring firms: Payroll tax compliance in mexico},
  author={Kumler, Todd Johnson and Verhoogen, Eric A and Frias, Judith},
  year={2012},
  publisher={Department of Economics, Columbia University}
}
@article{LaPorta_Sc_2008,
title = {The Unofficial Economy
and Economic Development},
author = {La Porta, Rafael and Shleifer, Andrei},
year = {2008},
journal = {Brooking Papers on Economic Activity}
}
@article{Mankiw_Yagan_2009,
title = {Optimal Taxation in Theory and
Practice},
author = {Mankiw, Gregory N and Weinzierl, Matthew and Yagan, Danny},
journal = {Journal of Economic Perspective},
year = {2009}
}


@article{naritomi2013consumers,
  title={Consumers as tax auditors},
  author={Naritomi, Joana},
  journal={Job market paper, Harvard University},
  year={2013}
}

@article{piketty1997redistribution,
  title={La redistribution fiscale face au ch{\^o}mage},
  author={Piketty, Thomas},
  journal={Revue fran{\c{c}}aise d'{\'e}conomie},
  volume={12},
  number={1},
  pages={157--201},
  year={1997},
  publisher={Revue Fran{\c{c}}aise d'Economie}
}

@article{piketty2014optimal,
  title={Optimal Taxation of Top Labor Incomes: A Tale of Three Elasticities},
  author={Piketty, Thomas and Saez, Emmanuel and Stantcheva, Stefanie and others},
  journal={American Economic Journal: Economic Policy},
  volume={6},
  number={1},
  pages={230--271},
  year={2014}
}

@techreport{pomeranz2013no,
  title={No taxation without information: Deterrence and self-enforcement in the value added tax},
  author={Pomeranz, Dina},
  year={2013},
  institution={National Bureau of Economic Research}
}

@article{rogers2011trends,
  title={Trends in Tax Expenditures, 1985-2016},
  author={Rogers, Allison and Toder, Eric and Center, Urban-Brookings Tax Policy},
  journal={Tax Policy Center},
  pages={3},
  year={2011}
}

@article{Chetty_09,
author = {Chetty, Raj and Adam Looney, and Kory Kroft},
title = {Salience and Taxation: Theory and Evidence},
journal = {American Economic Review},
year = { 2009},
volume = {99},
number = {4},
pages = {1145-77}
}
@article{saez2001using,
  title={Using elasticities to derive optimal income tax rates},
  author={Saez, Emmanuel},
  journal={The Review of Economic Studies},
  volume={68},
  number={1},
  pages={205--229},
  year={2001},
  publisher={Oxford University Press}
}

@article{sandmo1981income,
  title={Income tax evasion, labour supply, and the equity - efficiency tradeoff},
  author={Sandmo, Agnar},
  journal={Journal of Public Economics},
  volume={16},
  number={3},
  pages={265--288},
  year={1981},
  publisher={Elsevier}
}

@article{sandmo2005theory,
  title={The theory of tax evasion: A retrospective view},
  author={Sandmo, Agnar},
  journal={National Tax Journal},
  pages={643--663},
  year={2005},
  publisher={JSTOR}
}

@article{schroyen1997pareto,
  title={Pareto efficient income taxation under costly monitoring},
  author={Schroyen, Fred},
  journal={Journal of Public Economics},
  volume={65},
  number={3},
  pages={343--366},
  year={1997},
  publisher={Elsevier}
}

@article{slemrod2007cheating,
  title={Cheating ourselves: the economics of tax evasion},
  author={Slemrod, Joel},
  journal={The journal of economic perspectives},
  volume={21},
  number={1},
  pages={25--48},
  year={2007},
  publisher={American Economic Association}
}

@article{slemrod_Yitzhaki_2002,
title = {Tax avoidance, evasion, and administration},
author = {Slemrod, Joel and Yitzhaki, Shlomo},
journal = {Handbook of Public Economics},
volume = {3},
chapter = {22},
pages = {1423-1470}
}

@article{werning2007,
title = {Pareto Efficient Income Taxation},
author = {Werning, Ivan},
journal = {mimeo},
year = {2007}}

@article{yitzhaki1974income,
  title={Income tax evasion: A theoretical analysis},
  author={Yitzhaki, Shlomo},
  journal={Journal of public economics},
  volume={3},
  number={2},
  pages={201--202},
  year={1974},
  publisher={North-Holland}
}